<?xml version="1.0" encoding="UTF-8"?><collection xmlns="http://www.loc.gov/MARC21/slim"><record><leader>00455nam--2200133-i-4500</leader><controlfield tag="001">000014187</controlfield><controlfield tag="002">20161230</controlfield><controlfield tag="005">20161230201030</controlfield><controlfield tag="008">060222s1000------------r-----000-0-eng-d</controlfield><datafield ind1=" " ind2=" " tag="080"><subfield code="a">535.377:539.1.08(085.9)</subfield></datafield><datafield ind1=" " ind2=" " tag="245"><subfield code="a">Applied thermoluminescence dosimetry. lectures of a course held at the joint researc h centre, ispra, italy, 12-16 november 1979</subfield></datafield><datafield ind1=" " ind2=" " tag="260"><subfield code="a">Bristol, Adam Hilger, 1981 Xii + 414 P</subfield></datafield><datafield ind1=" " ind2=" " tag="700"><subfield code="a">M. Oberhofer And A.Scarmann</subfield></datafield><datafield ind1=" " ind2=" " tag="852"><subfield code="a">70227</subfield></datafield></record></collection>